<?xml version="1.0" encoding="UTF-8"?>
<collection xmlns:xsi="http://www.w3.org/2001/XMLSchema-instance" xsi:schemaLocation="http://www.loc.gov/MARC21/slim http://www.loc.gov/standards/marcxml/schema/MARC21slim.xsd" xmlns="http://www.loc.gov/MARC21/slim">
<record>
  <leader>00755mam a22002172  4500</leader>
  <controlfield tag="001">3369608</controlfield>
  <controlfield tag="003">NNC</controlfield>
  <controlfield tag="005">20040217111645.0</controlfield>
  <controlfield tag="008">890228m19361938ua            000 0 ara d</controlfield>
  <datafield tag="035" ind1=" " ind2=" ">
    <subfield code="a">(OCoLC)ocm23497469</subfield>
  </datafield>
  <datafield tag="035" ind1=" " ind2=" ">
    <subfield code="9">AVD4492CU</subfield>
  </datafield>
  <datafield tag="035" ind1=" " ind2=" ">
    <subfield code="a">(NNC)3369608</subfield>
  </datafield>
  <datafield tag="040" ind1=" " ind2=" ">
    <subfield code="a">EYM</subfield>
    <subfield code="c">EYM</subfield>
    <subfield code="d">NNC</subfield>
  </datafield>
  <datafield tag="050" ind1=" " ind2="4">
    <subfield code="a">PJ 7521</subfield>
    <subfield code="b">.Y25 1936</subfield>
  </datafield>
  <datafield tag="100" ind1="0" ind2=" ">
    <subfield code="a">Yāqūt ibn ʻAbd Allāh al-Ḥamawī,</subfield>
    <subfield code="d">1179?-1229.</subfield>
  </datafield>
  <datafield tag="245" ind1="1" ind2="0">
    <subfield code="a">Muʻ jam al-udabāʾ</subfield>
    <subfield code="b">[Dictionary of learned men, ed. by Ahmad Farīd Rifāʻī]</subfield>
  </datafield>
  <datafield tag="260" ind1=" " ind2=" ">
    <subfield code="a">Cairo,</subfield>
    <subfield code="b">Maktabat ʻIṣa al-bābī al-Ḥalabī,</subfield>
    <subfield code="c">[1936-38]</subfield>
  </datafield>
  <datafield tag="300" ind1=" " ind2=" ">
    <subfield code="a">20 v. in 10.</subfield>
    <subfield code="c">24 cm.</subfield>
  </datafield>
  <datafield tag="500" ind1=" " ind2=" ">
    <subfield code="a">Imprint varies.</subfield>
  </datafield>
  <datafield tag="500" ind1=" " ind2=" ">
    <subfield code="a">Dictionary of learned men, ed. by Ahmad Afarid Rifai and rev. by the Ministry of Education.</subfield>
  </datafield>
  <datafield tag="955" ind1=" " ind2=" ">
    <subfield code="b">0026814080</subfield>
    <subfield code="d">glx</subfield>
    <subfield code="e">893.7Y13 R73</subfield>
    <subfield code="v">v.5-6</subfield>
  </datafield>
</record>
</collection>